@article {JOFI:JOFI5110,
author = {JEGADEESH, NARASIMHAN},
title = {Evidence of Predictable Behavior of Security Returns},
journal = {The Journal of Finance},
volume = {45},
number = {3},
publisher = {Blackwell Publishing Ltd},
issn = {1540-6261},
url = {http://dx.doi.org/10.1111/j.1540-6261.1990.tb05110.x},
doi = {10.1111/j.1540-6261.1990.tb05110.x},
pages = {881--898},
year = {1990},
}

@article{OnlinePortfolio,
 author = {Li, Bin and Hoi, Steven C. H. and Zhao, Peilin and Gopalkrishnan, Vivekanand},
 title = {Confidence Weighted Mean Reversion Strategy for Online Portfolio Selection},
 journal = {ACM Trans. Knowl. Discov. Data},
 issue_date = {March 2013},
 volume = {7},
 number = {1},
 month = mar,
 year = {2013},
 issn = {1556-4681},
 pages = {4:1--4:38},
 articleno = {4},
 numpages = {38},
 url = {http://doi.acm.org/10.1145/2435209.2435213},
 doi = {10.1145/2435209.2435213},
 acmid = {2435213},
 publisher = {ACM},
 address = {New York, NY, USA},
 keywords = {Portfolio selection, confidence weighted learning, mean reversion, online learning},
} 

@article{AntiCor,
 author = {Borodin, Allan and El-Yaniv, Ran and Gogan, Vincent},
 title = {Can We Learn to Beat the Best Stock},
 journal = {J. Artif. Int. Res.},
 issue_date = {January 2004},
 volume = {21},
 number = {1},
 month = may,
 year = {2004},
 issn = {1076-9757},
 pages = {579--594},
 numpages = {16},
 url = {http://dl.acm.org/citation.cfm?id=1622467.1622484},
 acmid = {1622484},
 publisher = {AI Access Foundation},
 address = {USA},
} 
@article{survey,
 author = {Li, Bin and Hoi, Steven C. H.},
 title = {Online Portfolio Selection: A Survey},
 journal = {ACM Comput. Surv.},
 issue_date = {January 2014},
 volume = {46},
 number = {3},
 month = jan,
 year = {2014},
 issn = {0360-0300},
 pages = {35:1--35:36},
 articleno = {35},
 numpages = {36},
 url = {http://doi.acm.org/10.1145/2512962},
 doi = {10.1145/2512962},
 acmid = {2512962},
 publisher = {ACM},
 address = {New York, NY, USA},
 keywords = {Machine learning, optimization, portfolio selection},
} 

@article{UniversalPortfolio,
  title={Universal portfolios},
  author={Cover, Thomas M},
  journal={Mathematical finance},
  volume={1},
  number={1},
  pages={1--29},
  year={1991},
  publisher={Wiley Online Library}
}

@article{mean_reverse,
 author = {A. W. Lo and A. C. MacKinlay},
 title = {When are contrarian profits due to stock market overreaction?},
 journal = {Review of Financial Studies},
 volume = {3},
 number = {12},
 year = {1990},
 pages = {175--205},
} 

@article{Crammer:2006:OPA:1248547.1248566,
 author = {Crammer, Koby and Dekel, Ofer and Keshet, Joseph and Shalev-Shwartz, Shai and Singer, Yoram},
 title = {Online Passive-Aggressive Algorithms},
 journal = {J. Mach. Learn. Res.},
 issue_date = {12/1/2006},
 volume = {7},
 month = dec,
 year = {2006},
 issn = {1532-4435},
 pages = {551--585},
 numpages = {35},
 url = {http://dl.acm.org/citation.cfm?id=1248547.1248566},
 acmid = {1248566},
 publisher = {JMLR.org},
} 

@article {MAFI:MAFI274,
author = {Györfi, László and Lugosi, Gábor and Udina, Frederic},
title = {NONPARAMETRIC KERNEL-BASED SEQUENTIAL INVESTMENT STRATEGIES},
journal = {Mathematical Finance},
volume = {16},
number = {2},
publisher = {Blackwell Publishing, Inc.},
issn = {1467-9965},
url = {http://dx.doi.org/10.1111/j.1467-9965.2006.00274.x},
doi = {10.1111/j.1467-9965.2006.00274.x},
pages = {337--357},
keywords = {sequential investment, universal portfolios, kernel estimation},
year = {2006},
}
